<?xml version="1.0" encoding="UTF-8"?>
<marc:collection xmlns:marc="http://www.loc.gov/MARC21/slim" xmlns:xsi="http://www.w3.org/2001/XMLSchema-instance" xsi:schemaLocation="http://www.loc.gov/MARC21/slim http://www.loc.gov/standards/marcxml/schema/MARC21slim.xsd">
   <marc:record type="Bibliographic">
      <marc:leader>04422cam a2200337 a 4500</marc:leader>
      <marc:controlfield tag="001">939847</marc:controlfield>
      <marc:controlfield tag="003">NjP</marc:controlfield>
      <marc:controlfield tag="005">20140624092849.0</marc:controlfield>
      <marc:controlfield tag="008">941221s1885    tu            000 0 ara d</marc:controlfield>
      <marc:datafield tag="024" ind1="7" ind2=" ">
         <marc:subfield code="a">princeton_aco000175</marc:subfield>
         <marc:subfield code="2">local</marc:subfield>
      </marc:datafield>
      <marc:datafield tag="035" ind1=" " ind2=" ">
         <marc:subfield code="a">(OCoLC)ocn176334905</marc:subfield>
      </marc:datafield>
      <marc:datafield tag="035" ind1=" " ind2=" ">
         <marc:subfield code="a">(OCoLC)31823671</marc:subfield>
      </marc:datafield>
      <marc:datafield tag="040" ind1=" " ind2=" ">
         <marc:subfield code="a">MH</marc:subfield>
         <marc:subfield code="c">PUL</marc:subfield>
         <marc:subfield code="d">PUL</marc:subfield>
      </marc:datafield>
      <marc:datafield tag="066" ind1=" " ind2=" ">
         <marc:subfield code="c">(3</marc:subfield>
      </marc:datafield>
      <marc:datafield tag="035" ind1=" " ind2=" ">
         <marc:subfield code="a">(OCoLC)176334905</marc:subfield>
      </marc:datafield>
      <marc:datafield tag="035" ind1=" " ind2=" ">
         <marc:subfield code="a">(CStRLIN)NJPG94-B77336</marc:subfield>
      </marc:datafield>
      <marc:datafield tag="035" ind1=" " ind2=" ">
         <marc:subfield code="9">CBN8309TS</marc:subfield>
      </marc:datafield>
      <marc:datafield tag="035" ind1=" " ind2=" ">
         <marc:subfield code="a">(NjP)939847</marc:subfield>
      </marc:datafield>
      <marc:datafield tag="079" ind1=" " ind2=" ">
         <marc:subfield code="a">ocm31823671</marc:subfield>
      </marc:datafield>
      <marc:datafield tag="049" ind1=" " ind2=" ">
         <marc:subfield code="a">PULL</marc:subfield>
      </marc:datafield>
      <marc:datafield tag="245" ind1="0" ind2="3">
         <marc:subfield code="6">880-01</marc:subfield>
         <marc:subfield code="a">al-Tuḥfah al-bahīyah wa-al-ṭurfah al-shahīyah :</marc:subfield>
         <marc:subfield code="b">fī-hā sabʻa ʻashrata majmūʻah muntakhabah tashtamilu ʻalá adabīyāt muʻjibah wa-nawādir muṭribah.</marc:subfield>
      </marc:datafield>
      <marc:datafield tag="260" ind1=" " ind2=" ">
         <marc:subfield code="6">880-02</marc:subfield>
         <marc:subfield code="a">Qusṭanṭīnīyah :</marc:subfield>
         <marc:subfield code="b">Maṭbaʻat al-Jawāʼib,</marc:subfield>
         <marc:subfield code="c">1302 [1885]</marc:subfield>
      </marc:datafield>
      <marc:datafield tag="300" ind1=" " ind2=" ">
         <marc:subfield code="a">8, 296 p. ;</marc:subfield>
         <marc:subfield code="c">24 cm.</marc:subfield>
      </marc:datafield>
      <marc:datafield tag="505" ind1="0" ind2=" ">
         <marc:subfield code="6">880-03</marc:subfield>
         <marc:subfield code="a">1. Amthāl Abī ʻUbayd al-Qāsim ibn Sallām -- 2. al-Durr al-munẓam fī al-waʻẓ wa-al-ḥikam -- 3. Kalimāt wa-ashʻār ḥikmīyah mukhtārah -- 4. Sabab waḍʻ ʻilm al-ʻArabīyah / li-Jalāl al-Dīn al-Suyuūṭī -- 5. Fī ʻilm al-khaṭṭ / la-hu ayḍan -- 6. Tanbīh al-nāʼim al-ghumr ʻalá mawāsim al-ʻumr / li-Abī al-Faraj ibn al-Jawzī -- 7. Raṣf al-āl fī waṣf al-hilāl / lil-Suyūṭī -- 8. Zahr al-rabīʻ fī al-mathal al-badīʻ ʻalá ḥurūf al-muʻjam -- 9. Amthāl Sayyidinā ʻAlī, karrama Allāh wajhahu, ʻalá ḥurūf al-muʻjam -- 10. al-Nuzhah al-sanīyah fī dhikr al-khulafāʼ wa-al-mulūk al-Miṣrīyah / li-Ḥasan al-Ṭūlūnī -- 11. al-Risālah al-Ḥātimīyah lil-ʻAllāmah Abī ʻAlī Muḥammad ibn al-Muẓaffar al-Ḥātimī fī muwāfaqat shiʻr al-Mutanabbī li-kalām Arisṭāṭālīs -- 12. al-Urjūzah al-Raḥbīyah fī al-farāʼiḍ / li-Muwaffaq al-Dīn al-Raḥbī -- 13. Risālat ʻAbd al-Wāsiʻ fī taqallub al-zamān wa-tabaddul al-aḥbāb -- 14. Riwāyāt laṭīfah wa-ḥikāyāt muntakhabah ẓarīfah -- 15. Fī al-alghāz -- 16. Fī al-tafḍīl bayna balāghatay al-ʻArab wa-al-ʻAjam / li-Abī Hilāl al-ʻAskarī -- 17. al-Amr al-muḥkamm al-marbūṭ fī mā yalzamu ahl ṭarīq Allāh min al-mashrūṭ / li-Muḥyī al-Dīn al-ʻArabī -- [18]. Khātimat al-Tuḥfah, Kitāb Man ghāba ʻanhu al-muṭrib / li-Abī Manṣūr al-Thaʻālibī.</marc:subfield>
      </marc:datafield>
      <marc:datafield tag="650" ind1=" " ind2="0">
         <marc:subfield code="a">Arabic literature.</marc:subfield>
      </marc:datafield>
      <marc:datafield tag="880" ind1="0" ind2="2">
         <marc:subfield code="6">245-01/(3/r</marc:subfield>
         <marc:subfield code="a">التحفة البهية والطرفة الشهية :</marc:subfield>
         <marc:subfield code="b">فيها سبع عشرت مجموعة منتخبة تشتمل على ادبيات معجبة ونوادر مطربة.</marc:subfield>
      </marc:datafield>
      <marc:datafield tag="880" ind1=" " ind2=" ">
         <marc:subfield code="6">260-02/(3/r</marc:subfield>
         <marc:subfield code="a">قسطنطينية :</marc:subfield>
         <marc:subfield code="b">مطبعة الجوائب،</marc:subfield>
         <marc:subfield code="c">1302 [1885]</marc:subfield>
      </marc:datafield>
      <marc:datafield tag="880" ind1="0" ind2=" ">
         <marc:subfield code="6">505-03/(3/r</marc:subfield>
         <marc:subfield code="a">1. امثال ابي عبيد القاسم بن سلام  2. الدر المنظم في الوعظ والحكم  3. كلمات واشعار حكمية مختارة  4. سبب وضع علم العربية / لجلال الدين السيوطي  5. في علم الخط / له ايضا  6. تنبيه النائم الغمر على مواسم العمر / لابي الفرج بن الجوزي  7. رصف الال في وصف الهلال / للسيوطي  8. زهر الربيع في المثل البديع على حروف المعجم  9. امثال سيدنا علي، كرم الله وجهه، على حروف المعجم  10. النزهة السنية في ذكر الخلفاء والملوك المصرية / لحسن الطولوني  11. الرسالة الحاتمية للعلامة ابي علي محمد بن المظفر الحاتمي في موافقة شعر المتنبي لكلام ارسطاطاليس  12. الارجوزة الرحبية في الفرائض / لموفق الدين الرحبي  13. رسالة عبد الواسع في تقلب الزمان وتبدل الاحباب  14. روايات لطيفة وحكايات منتخبة ظريفة  15. في الالغاز  16. في التفضيل بين بلاغتي العرب والعجم / لابي هلال العسكري  17. الامر المحكم المربوط في ما يلزم اهل طريق الله من المشروط / لمحيي الدين العربي  [18]. خاتمة التحفة، كتاب من غاب عنه المطرب / لابي منصور الثعالبي.</marc:subfield>
      </marc:datafield>
      <marc:datafield tag="998" ind1=" " ind2=" ">
         <marc:subfield code="a">01/05/95</marc:subfield>
         <marc:subfield code="s">9114</marc:subfield>
         <marc:subfield code="n">NjP</marc:subfield>
         <marc:subfield code="w">NJPG94B77336</marc:subfield>
         <marc:subfield code="d">12/21/94</marc:subfield>
         <marc:subfield code="c">AAH</marc:subfield>
         <marc:subfield code="b">AAH</marc:subfield>
         <marc:subfield code="i">950105</marc:subfield>
         <marc:subfield code="l">NJPG</marc:subfield>
      </marc:datafield>
      <marc:datafield tag="911" ind1=" " ind2=" ">
         <marc:subfield code="a">19950115</marc:subfield>
      </marc:datafield>
      <marc:datafield tag="912" ind1=" " ind2=" ">
         <marc:subfield code="a">19950105000000.0</marc:subfield>
      </marc:datafield>
      <marc:datafield tag="994" ind1=" " ind2=" ">
         <marc:subfield code="a">C0</marc:subfield>
         <marc:subfield code="b">PUL</marc:subfield>
      </marc:datafield>
      <marc:datafield tag="999" ind1=" " ind2=" ">
         <marc:subfield code="a">939847</marc:subfield>
      </marc:datafield>
   </marc:record>
</marc:collection>
